@inproceedings{aaron2013,
  author    = {Aaron, Samuel and Blackwell, Alan F.},
  booktitle = {Proceedings of the first ACM SIGPLAN workshop on Functional art, music, modeling \& design},
  doi       = {10.1145/2505341.2505346},
  pages     = {35--46},
  title     = {From Sonic Pi to Overtone: Creative musical experiences with domain-specific and functional languages},
  year      = {2013}
}

 @inproceedings{aaron2014,
  author    = {Aaron, Samuel and Orchard, Dominic and Blackwell, Alan F.},
  booktitle = {Proceedings of the 2nd ACM SIGPLAN International Workshop on Functional Art, Music, Modeling \& Design},
  doi       = {10.1145/2633638.2633648},
  location  = {Gothenburg, Sweden},
  numpages  = {11},
  pages     = {37--47},
  publisher = {Association for Computing Machinery},
  series    = {FARM '14},
  title     = {Temporal semantics for a live coding language},
  year      = {2014}
}

@inproceedings{aaron2016,
  author    = {Aaron, Samuel},
  booktitle = {2016 IEEE Symposium on Visual Languages and Human-Centric Computing (VL/HCC)},
  doi       = {10.1109/VLHCC.2016.7739697},
  pages     = {242-243},
  title     = {Sonic Pi — Reliable randomisation for performances},
  year      = {2016}
}

@inproceedings{ariza2010,
  author    = {Christopher Ariza and
               Michael Scott Cuthbert},
  booktitle = {Proceedings of the 2010 International Computer Music Conference, {ICMC}
               2010},
  publisher = {Michigan Publishing},
  title     = {Modeling beats, accents, beams, And time signatures hierarchically
               with music21 meter objects},
  url       = {http://hdl.handle.net/2027/spo.bbp2372.2010.043},
  year      = {2010}
}

@article{bengtsson1974,
  author  = {Bengtsson, Ingmar},
  journal = {Hamburger Jahrbuch f{\"u}r Musikwissenschaft},
  pages   = {195--219},
  title   = {Empirische rhythmusforschung in Uppsala},
  volume  = {1},
  year    = {1974}
}

@article{bengtsson1977,
  author    = {Bengtsson, Ingmar and Gabrielsson, Alf},
  journal   = {Music, Room and Acoustics},
  location  = {Stockholm},
  publisher = {Royal Swedish Academy of Music},
  title     = {Rhythm research in Uppsala},
  year      = {1977}
}

@phdthesis{bilmes1993,
  author = {Bilmes, Jeffrey},
  doi    = {1721.1/62091},
  school = {Massachusetts Institute of Technology},
  title  = {Timing is of the essence: Perceptual and computational techniques for representing, learning, and reproducing expressive timing in percussive rhythm},
  year   = {1993}
}

@article{box1958,
  author  = {Box, George Edward Pelham and Muller, Mervin Edgar},
  doi     = {10.1214/aoms/1177706645},
  journal = {The Annals of Mathematical Statistics},
  number  = {2},
  pages   = {610-611},
  title   = {A note on the generation of random normal deviates},
  volume  = 29,
  year    = 1958
}

@inproceedings{cannam2010,
  author    = {Cannam, Chris and Landone, Christian and Sandler, Mark},
  booktitle = {Proceedings of the 18th ACM international conference on multimedia},
  doi       = {10.1145/1873951.1874248},
  location  = {Firenze, Italy},
  pages     = {1467--1468},
  publisher = {Association for Computing Machinery},
  title     = {Sonic visualiser: An open source application for viewing, analysing, and annotating music audio files},
  year      = {2010}
}

@article{clayton2020,
  author    = {Clayton, Martin and Jakubowski, Kelly and Eerola, Tuomas and Keller, Peter E and Camurri, Antonio and Volpe, Gualtiero and Alborno, Paolo},
  doi       = {10.1525/mp.2020.38.2.136},
  journal   = {Music Perception: An Interdisciplinary Journal},
  number    = {2},
  pages     = {136--194},
  publisher = {University of California Press},
  title     = {Interpersonal entrainment in music performance: theory, method, and model},
  volume    = {38},
  year      = {2020}
}

@article{clayton2021,
  author  = {Clayton, Martin and Tarsitani, Simone and Jankowsky, Richard and Jure, Luis and Leante, Laura and Polak, Rainer and Poole, Adrian and Rocamora, Mart{\'\i}n and Alborno, Paolo and Camurri, Antonio and others},
  doi     = {10.18061/emr.v16i1.7555},
  journal = {Empirical Musicology Review},
  number  = {1},
  pages   = {65--84},
  title   = {The interpersonal entrainment in music performance data collection},
  volume  = {16},
  year    = {2021}
}

 @book{cohen2013,
  author    = {Cohen, Jacob},
  edition   = {2},
  publisher = {Routledge},
  title     = {Statistical power analysis for the behavioral sciences},
  year      = {2013}
} 

 @article{collins2011,
  author  = {Collins, Nick},
  doi     = {10.2307/20869451},
  journal = {Leonardo},
  pages   = {207-211},
  title   = {Live coding of consequence},
  volume  = {44},
  year    = {2011}
} 

@article{cuthbert2010,
  author    = {Cuthbert, Michael Scott and Ariza, Christopher},
  booktitle = {Proceedings of the 11th International
               Society for Music Information Retrieval Conference
               (ISMIR 2010)},
  publisher = {International Society for Music Information Retrieval},
  title     = {music21: A toolkit for computer-aided musicology and symbolic music data},
  year      = {2010}
}

@book{dekking2005,
  author    = {Dekking, Frederik Michel and Kraaikamp, Cornelis and Lopuha{\"a}, Hendrik Paul and Meester, Ludolf Erwin},
  doi       = {10.1007/1-84628-168-7},
  publisher = {Springer},
  title     = {A modern introduction to probability and statistics: Understanding why and how},
  volume    = {488},
  year      = {2005}
}

@article{dittmar2018,
  author  = {Christian Dittmar and Martin Pfleiderer and Stefan Balke and Meinard M{\"u}ller},
  doi     = {10.1080/09298215.2017.1367405},
  journal = {Journal of New Music Research},
  number  = {2},
  pages   = {97--113},
  title   = {A swingogram representation for tracking micro-rhythmic variation in jazz performances},
  volume  = {47},
  year    = {2018}
}

@article{dixon2001,
  author  = {Dixon, Simon},
  doi     = {10.1076/jnmr.30.1.39.7119},
  journal = {Journal of New Music Research},
  number  = {1},
  pages   = {39--58},
  title   = {Automatic extraction of tempo and beat from expressive performances},
  volume  = {30},
  year    = {2001}
}

@phdthesis{forth2012,
  author = {Forth, Jamie},
  school = {Goldsmiths, University of London},
  title  = {Cognitively-motivated geometric methods of pattern discovery and models of similarity in music},
  year   = {2012}
}

@article{friberg2002,
  author    = {Friberg, Anders and Sundström, Andreas},
  doi       = {10.1525/mp.2002.19.3.333},
  journal   = {Music Perception: An Interdisciplinary Journal},
  number    = {3},
  pages     = {333--349},
  publisher = {University of California Press},
  title     = {Swing ratios and ensemble timing in jazz performance: Evidence for a common rhythmic pattern},
  volume    = {19},
  year      = {2002}
}

@inproceedings{fuentes2019,
  author    = {Fuentes, Magdalena and Maia, Lucas S and Rocamora, Martín and Biscainho, Luiz WP and Crayencour, H{\'e}lene C and Essid, Slim and Bello, Juan P},
  booktitle = {Proceedings of the 20th Conference of the International Society for Music Information Retrieval},
  doi       = {20.500.12008/21752},
  location  = {Delft, The Netherlands},
  pages     = {251--258},
  title     = {Tracking beats and microtiming in Afro-Latin American music using conditional random fields and deep learning},
  year      = {2019}
}

@article{good2001,
  author    = {Good, Michael},
  doi       = {10.7551/mitpress/2058.003.0010},
  journal   = {The virtual score: representation, retrieval, restoration},
  pages     = {113--124},
  publisher = {MIT Press Cambridge},
  title     = {MusicXML for notation and analysis},
  volume    = {12},
  year      = {2001}
}

@phdthesis{gotham2015,
  author = {Gotham, Mark},
  place  = {Cambridge},
  school = {University of Cambridge},
  title  = {The metre metrics: Characterising (dis)similarity among metrical structures},
  year   = {2015}
}

@article{gouyon2006,
  author  = {Gouyon, F. and Klapuri, A. and Dixon, S. and Alonso, M. and Tzanetakis, G. and Uhle, C. and Cano, P.},
  doi     = {10.1109/TSA.2005.858509},
  journal = {IEEE Transactions on Audio, Speech, and Language Processing},
  number  = {5},
  pages   = {1832-1844},
  title   = {An experimental comparison of audio tempo induction algorithms},
  volume  = {14},
  year    = {2006}
}

@article{harris2020,
  author    = {Charles R. Harris and K. Jarrod Millman and St{\'{e}}fan J.
               van der Walt and Ralf Gommers and Pauli Virtanen and David
               Cournapeau and Eric Wieser and Julian Taylor and Sebastian
               Berg and Nathaniel J. Smith and Robert Kern and Matti Picus
               and Stephan Hoyer and Marten H. van Kerkwijk and Matthew
               Brett and Allan Haldane and Jaime Fern{\'{a}}ndez del
               R{\'{i}}o and Mark Wiebe and Pearu Peterson and Pierre
               G{\'{e}}rard-Marchant and Kevin Sheppard and Tyler Reddy and
               Warren Weckesser and Hameer Abbasi and Christoph Gohlke and
               Travis E. Oliphant},
  doi       = {10.1038/s41586-020-2649-2},
  journal   = {Nature},
  month     = sep,
  number    = {7825},
  pages     = {357--362},
  publisher = {Springer Science and Business Media {LLC}},
  title     = {Array programming with {NumPy}},
  volume    = {585},
  year      = {2020}
}

@inproceedings{huang2020,
  address   = {New York, NY, USA},
  author    = {Huang, Yu-Siang and Yang, Yi-Hsuan},
  booktitle = {Proceedings of the 28th ACM International Conference on Multimedia},
  doi       = {10.1145/3394171.3413671},
  pages     = {1180--1188},
  publisher = {Association for Computing Machinery},
  title     = {Pop music transformer: Beat-based modeling and generation of expressive pop piano compositions},
  year      = {2020}
}

@article{hunter2007,
  author    = {Hunter, J. D.},
  doi       = {10.5281/zenodo.3714460},
  journal   = {Computing in Science \& Engineering},
  number    = {3},
  pages     = {90--95},
  publisher = {IEEE COMPUTER SOC},
  title     = {Matplotlib: A 2D graphics environment},
  volume    = {9},
  year      = 2007
}

@article{jacoby2021,
  author    = {Jacoby, Nori and Polak, Rainer and London, Justin},
  doi       = {10.1098/rstb.2020.0331},
  journal   = {Philosophical Transactions of the Royal Society B: Biological Sciences},
  number    = {1835},
  pages     = {20200331},
  publisher = {The Royal Society},
  title     = {Extreme precision in rhythmic interaction is enabled by role-optimized sensorimotor coupling: analysis and modelling of West African drum ensemble music},
  volume    = {376},
  year      = {2021}
}

@article{jacoby2021supp,
  author = {Nori Jacoby and Rainer Polak and Justin London},
  doi    = {10.6084/m9.figshare.14957722.v2},
  month  = {7},
  title  = {Supplementary Material from Extreme precision in rhythmic interaction is enabled by role-optimized sensorimotor coupling: analysis and modelling of West African drum ensemble music},
  year   = {2021}
}

@inproceedings{jure2016,
  author    = {Jure, Luis and Rocamora, Martín},
  booktitle = {4th Int. Conf. on Analytical Approaches to World Music (AAWM)},
  location  = {New York, USA},
  month     = {6},
  title     = {Microtiming in the rhythmic structure of Candombe drumming patterns},
  year      = {2016}
}

@inproceedings{krebs2013,
  author    = {Krebs, Florian and B{\"o}ck, Sebastian and Widmer, Gerhard},
  booktitle = {Proceedings of the 14th International Society for Music Information Retrieval Conference (ISMIR 2013)},
  location  = {Curitiba, Brazil},
  pages     = {227--232},
  title     = {Rhythmic pattern modeling for beat and downbeat tracking in musical audio},
  year      = {2013}
}

@book{london2012,
  author    = {London, Justin},
  doi       = {10.1093/acprof:oso/9780199744374.001.0001},
  edition   = {2},
  place     = {New York},
  publisher = {Oxford University Press},
  title     = {Hearing in time: Psychological aspects of musical meter},
  year      = {2012}
}

@article{london2017,
  author    = {London, Justin and Polak, Rainer and Jacoby, Nori},
  doi       = {10.3758/s13423-016-1093-7},
  journal   = {Psychonomic bulletin \& review},
  number    = {2},
  pages     = {474--480},
  publisher = {Springer},
  title     = {Rhythm histograms and musical meter: A corpus study of Malian percussion music},
  volume    = {24},
  year      = {2017}
}

@article{magnusson2011,
  author  = {Magnusson, Thor},
  doi     = {10.1162/LMJ_a_00056},
  journal = {Leonardo Music Journal},
  pages   = {19-23},
  title   = {Algorithms as scores: Coding live music},
  volume  = {21},
  year    = {2011}
}

@software{mcfee2021,
  author    = {Brian McFee and
               Alexandros Metsai and
               Matt McVicar and
               Stefan Balke and
               Carl Thomé and
               Colin Raffel and
               Frank Zalkow and
               Ayoub Malek and
               Dana and
               Kyungyun Lee and
               Oriol Nieto and
               Dan Ellis and
               Jack Mason and
               Eric Battenberg and
               Scott Seyfarth and
               Ryuichi Yamamoto and
               viktorandreevichmorozov and
               Keunwoo Choi and
               Josh Moore and
               Rachel Bittner and
               Shunsuke Hidaka and
               Ziyao Wei and
               nullmightybofo and
               Darío Hereñú and
               Fabian-Robert Stöter and
               Pius Friesch and
               Adam Weiss and
               Matt Vollrath and
               Taewoon Kim and
               Thassilo},
  doi       = {10.5281/zenodo.4792298},
  month     = may,
  publisher = {Zenodo},
  title     = {librosa/librosa: 0.8.1rc2},
  version   = {0.8.1rc2},
  year      = 2021
}

@inproceedings{mckinney2010,
  author    = { {W}es {M}c{K}inney },
  booktitle = { {P}roceedings of the 9th {P}ython in {S}cience {C}onference },
  doi       = { 10.25080/Majora-92bf1922-00a },
  editor    = { {S}t\'efan van der {W}alt and {J}arrod {M}illman },
  pages     = { 56 -- 61 },
  title     = { {D}ata structures for statistical computing in Python },
  year      = { 2010 }
}

@inproceedings{mclean2010,
  author    = {McLean, Alex and Wiggins, Geraint},
  booktitle = {Proceedings of the 7th sound and music computing conference},
  doi       = {10.5281/zenodo.849841},
  pages     = {331--334},
  title     = {Tidal--pattern language for the live coding of music},
  year      = {2010}
}

@article{mueller2021,
  author    = {M{\"u}ller, Meinard and Zalkow, Frank},
  doi       = {10.21105/joss.03326},
  journal   = {Journal of Open Source Software},
  number    = {63},
  pages     = {3326},
  publisher = {The Open Journal},
  title     = {libfmp: A Python package for fundamentals of music processing},
  volume    = {6},
  year      = {2021}
}

@book{mueller2021b,
  author    = {M{\"u}ller, Meinard},
  doi       = {10.1007/978-3-030-69808-9},
  edition   = {2},
  publisher = {Springer},
  title     = {Fundamentals of music processing: Using Python and Jupyter notebooks},
  year      = {2021}
}

@article{naveda2011,
  author  = {Naveda, Luiz and Gouyon, Fabien and Guedes, Carlos and Leman, Marc},
  doi     = {10.1080/09298215.2011.603833},
  journal = {Journal of New Music Research},
  number  = {3},
  pages   = {225--238},
  title   = {Microtiming patterns and interactions with musical properties in samba music},
  volume  = {40},
  year    = {2011}
}

@incollection{neal2000,
  address   = {Lexington, KY},
  author    = {Neal, Jocelyn},
  booktitle = {Country Music Annual 2000},
  editor    = {Wolfe, Charles K. and Akenson, James E.},
  pages     = {112--140},
  publisher = {University Press of Kentucky},
  title     = {Songwriter's signature, artist's imprint: The metric structure of a country song},
  year      = {2000}
}

@article{neuhoff2017,
  author    = {Neuhoff, Hans and Polak, Rainer and Fischinger, Timo},
  doi       = {10.1525/mp.2017.34.4.438},
  journal   = {Music Perception: An Interdisciplinary Journal},
  number    = {4},
  pages     = {438--451},
  publisher = {University of California Press},
  title     = {Perception and evaluation of timing patterns in drum ensemble music from Mali},
  volume    = {34},
  year      = {2017}
}

@inbook{omt2021,
  author    = {Hamm, Chelsey and Shaffer, Kris and Gotham, Mark},
  booktitle = {Open Music Theory},
  edition   = {2},
  editor    = {Gotham, Mark and Gullings, Kyle and Hamm, Chelsey and Hughes, Bryn and Jarvis, Brian and Lavengood, Megan and Peterson, John},
  title     = {Simple meter and time signatures},
  url       = {https://viva.pressbooks.pub/openmusictheory/chapter/simple-meter-and-time-signatures/},
  year      = {2021}
}

@article{oore2020,
  author    = {Oore, Sageev and Simon, Ian and Dieleman, Sander and Eck, Douglas and Simonyan, Karen},
  doi       = {10.1007/s00521-018-3758-9},
  journal   = {Neural Computing and Applications},
  number    = {4},
  pages     = {955--967},
  publisher = {Springer},
  title     = {This time with feeling: Learning expressive musical performance},
  volume    = {32},
  year      = {2020}
}

@article{polak2010,
  author  = {Polak, Rainer},
  doi     = {10.30535/mto.16.4.4},
  journal = {Music Theory Online},
  number  = {4},
  title   = {Rhythmic feel as meter: Non-isochronous beat subdivision in jembe music from Mali},
  volume  = {16},
  year    = {2010}
}

@misc{polak2020,
  author    = {Polak, Rainer and Tarsitani, Simone and Clayton, Martin},
  doi       = {10.17605/OSF.IO/M652X},
  month     = {7},
  publisher = {Open Science Framework (OSF)},
  title     = {IEMP Malian Jembe},
  year      = {2020}
}

@software{reback2020,
  author    = {The pandas development team},
  doi       = {10.5281/zenodo.5893288},
  month     = jan,
  publisher = {Zenodo},
  title     = {pandas-dev/pandas: Pandas},
  version   = {1.4.0},
  year      = 2022
}

@inproceedings{roberts2012,
  author    = {Roberts, Charles and Kuchera-Morin, JoAnn},
  booktitle = {Proceedings of the 2012 International Computer Music Conference (ICMC)},
  pages     = {64--69},
  title     = {Gibber: Live coding audio in the browser},
  volume    = {11},
  year      = {2012}
}

@article{soley2010,
  author    = {Soley, Gaye and Hannon, Erin E},
  doi       = {10.1037/a0017555},
  journal   = {Developmental psychology},
  number    = {1},
  pages     = {286--292},
  publisher = {American Psychological Association},
  title     = {Infants prefer the musical meter of their own culture: a cross-cultural comparison.},
  volume    = {46},
  year      = {2010}
}

@inreference{upton2014,
  author    = {Graham Upton and Ian Cook},
  booktitle = {A Dictionary of Statistics},
  doi       = {10.1093/acref/9780199679188.013.1434},
  edition   = {3},
  publisher = {Oxford University Press},
  title     = {sample variance},
  year      = {2014}
}

@article{virtanen2020,
  author  = {Virtanen, Pauli and Gommers, Ralf and Oliphant, Travis E. and
             Haberland, Matt and Reddy, Tyler and Cournapeau, David and
             Burovski, Evgeni and Peterson, Pearu and Weckesser, Warren and
             Bright, Jonathan and {van der Walt}, St{\'e}fan J. and
             Brett, Matthew and Wilson, Joshua and Millman, K. Jarrod and
             Mayorov, Nikolay and Nelson, Andrew R. J. and Jones, Eric and
             Kern, Robert and Larson, Eric and Carey, C J and
             Polat, {\.I}lhan and Feng, Yu and Moore, Eric W. and
             {VanderPlas}, Jake and Laxalde, Denis and Perktold, Josef and
             Cimrman, Robert and Henriksen, Ian and Quintero, E. A. and
             Harris, Charles R. and Archibald, Anne M. and
             Ribeiro, Ant{\^o}nio H. and Pedregosa, Fabian and
             {van Mulbregt}, Paul and {SciPy 1.0 Contributors}},
  doi     = {10.1038/s41592-019-0686-2},
  journal = {Nature Methods},
  pages   = {261--272},
  title   = {{{SciPy} 1.0: Fundamental algorithms for scientific
             computing in Python}},
  volume  = {17},
  year    = {2020}
}
